@comment{x-kbibtex-encoding=utf-8}

@article{Rudoy13,
	author = {Рудой, Г. И. and Стрижов, В. В.},
	journal = {Информатика и ее применения},
	number = {1},
	pages = {44–53},
	title = {{Алгоритмы индуктивного порождения суперпозиций для аппроксимации измеряемых данных}},
	volume = {7},
	year = {2013}
}

@book{Sivukhin05,
	author = {Сивухин, Д. В.},
	edition = {3},
	pages = {792},
	publisher = {ФИЗМАТЛИТ},
	title = {{Оптика}},
	year = {2005}
}

@book{Serova11,
	author = {Н., Серова В.},
	pages = {383},
	publisher = {Научные основы и технологии},
	title = {{Полимерные оптические материалы}},
	year = {2011}
}

@book{Vapnik79,
	author = {Вапник, В. Н.},
	publisher = {М.: Наука},
	title = {{Восстановление зависимостей по эмпирическим данным}},
	year = {1979}
}

